@inproceedings{Abdallah2014,
  title={Exhaustive analysis of dynamical properties of biological regulatory networks with answer set programming},
  author={Abdallah, Emna Ben and Folschette, Maxime and Roux, Olivier and Magnin, Morgan},
  booktitle={Bioinformatics and Biomedicine (BIBM), 2015 IEEE International Conference on},
  pages={281--285},
  year={2015},
  organization={IEEE}
}

@inproceedings{Abdallah2015,
  title={Inference of delayed biological regulatory networks from time series data},
  author={Abdallah, Emna Ben and Ribeiro, Tony and Magnin, Morgan and Roux, Olivier and Inoue, Katsumi},
  booktitle={International Conference on Computational Methods in Systems Biology},
  pages={30--48},
  year={2016},
  organization={Springer}
}

@inproceedings{Akutsu2009,
  title={Completing networks using observed data},
  author={Akutsu, Tatsuya and Tamura, Takeyuki and Horimoto, Katsuhisa},
  booktitle={International Conference on Algorithmic Learning Theory},
  pages={126--140},
  year={2009},
  organization={Springer}
}

@book{Baral2003,
  title={Knowledge representation, reasoning and declarative problem solving},
  author={Baral, Chitta},
  year={2003},
  publisher={Cambridge university press}
}

@article{Calzone2007,
  title={Langages formels dans la machine abstraite biochimique BIOCHAM},
  author={Calzone, Laurence and Chabrier-Rivier, Nathalie and Fages, Fran{\c{c}}ois and Fosse, Lo{\"\i}c and Soliman, Sylvain},
  journal={Techniques et Sciences Informatiques},
  volume={26},
  number={1-2},
  pages={47--72},
  year={2007}
}

@article{Fox1993,
  title={Review of Stuart Kauffman, The Origins of Order: Self-Organization and Selection in Evolution},
  author={Fox, Ronald F},
  journal={Biophysical journal},
  volume={65},
  number={6},
  pages={2698},
  year={1993},
  publisher={The Biophysical Society}
}

@article{Glass1973,
  title={The logical analysis of continuous, non-linear biochemical control networks},
  author={Glass, Leon and Kauffman, Stuart A},
  journal={Journal of theoretical Biology},
  volume={39},
  number={1},
  pages={103--129},
  year={1973},
  publisher={Elsevier}
}

@article{filippov1960differential,
  title={Differential equations with discontinuous right-hand side},
  author={Filippov, Aleksei Fedorovich},
  journal={Matematicheskii sbornik},
  volume={93},
  number={1},
  pages={99--128},
  year={1960},
  publisher={Russian Academy of Sciences, Steklov Mathematical Institute of Russian~â€¦}
}

@article{Nabeshima2010,
  title={SOLAR: An automated deduction system for consequence finding},
  author={Nabeshima, Hidetomo and Iwanuma, Koji and Inoue, Katsumi and Ray, Oliver},
  journal={AI communications},
  volume={23},
  number={2-3},
  pages={183--203},
  year={2010},
  publisher={IOS Press}
}

@phdthesis{pauleve2011modelisation,
  title={Mod{\'e}lisation, simulation et v{\'e}rification des grands r{\'e}seaux de r{\'e}gulation biologique},
  author={Paulev{\'e}, Lo{\"\i}c},
  year={2011},
  school={Ecole Centrale de Nantes (ECN)}
}

@inproceedings{Pauleve2013,
  title={Under-approximating cut sets for reachability in large scale automata networks},
  author={Paulev{\'e}, Lo{\"\i}c and Andrieux, Geoffroy and Koeppl, Heinz},
  booktitle={International Conference on Computer Aided Verification},
  pages={69--84},
  year={2013},
  organization={Springer}
}

@misc{pauleve2014,
  title={Analyzing large network dynamics with process hitting},
  author={Paulev{\'e}, Lo{\"\i}c and Chancellor, Courtney and Folschette, Maxime and Magnin, Morgan and Roux, Olivier},
  year={2014},
  publisher={Wiley}
}

@incollection{pauleve2011refining,
  title={Refining dynamics of gene regulatory networks in a stochastic $\pi$-calculus framework},
  author={Paulev{\'e}, Lo{\"\i}c and Magnin, Morgan and Roux, Olivier},
  booktitle={Transactions on computational systems biology xiii},
  pages={171--191},
  year={2011},
  publisher={Springer}
}

@article{Pauleve2012,
  title={Static analysis of biological regulatory networks dynamics using abstract interpretation},
  author={Paulev{\'e}, Lo{\"\i}c and Magnin, Morgan and Roux, Olivier},
  journal={Mathematical Structures in Computer Science},
  volume={22},
  number={4},
  pages={651--685},
  year={2012},
  publisher={Cambridge University Press}
}

@incollection{Richard2006,
  title={Formal methods for modeling biological regulatory networks},
  author={Richard, Adrien and Comet, Jean-Paul and Bernot, Gilles},
  booktitle={Modern formal methods and applications},
  pages={83--122},
  year={2006},
  publisher={Springer}
}

@article{Thomas1978,
  title={Logical analysis of systems comprising feedback loops},
  author={Thomas, Ren{\'e}},
  journal={Journal of Theoretical Biology},
  volume={73},
  number={4},
  pages={631--656},
  year={1978},
  publisher={Elsevier}
}

@inproceedings{Yamamoto2014,
  title={Completing SBGN-AF networks by logic-based hypothesis finding},
  author={Yamamoto, Yoshitaka and Rougny, Adrien and Nabeshima, Hidetomo and Inoue, Katsumi and Moriya, Hisao and Froidevaux, Christine and Iwanuma, Koji},
  booktitle={International Conference on Formal Methods in Macro-Biology},
  pages={165--179},
  year={2014},
  organization={Springer}
}
